@inproceedings{HY16,
  author    = {Raymond Hu and
               Nobuko Yoshida},
  title     = {Hybrid Session Verification Through Endpoint {API} Generation},
  booktitle = {FASE},
  optpages     = {401--418},
  optseries    = {LNCS},
  optvolume    = {9633},
  optpublisher = {Springer},
  year      = {2016},
  opturl       = {http://dx.doi.org/10.1007/978-3-662-49665-7_24},
  doi       = {10.1007/978-3-662-49665-7_24},
  timestamp = {Tue, 22 Mar 2016 15:57:02 +0100},
  biburl    = {http://dblp.uni-trier.de/rec/bib/conf/fase/HuY16},
  bibsource = {dblp computer science bibliography, http://dblp.org}
}

@inproceedings{ScalasY16,
  author    = {Alceste Scalas and
               Nobuko Yoshida},
  title     = {Lightweight Session Programming in {Scala}},
  booktitle = {ECOOP},
  optpages     = {21:1--21:28},
  year      = {2016},
  optseries    = {LIPIcs},
  optvolume    = {56},
  optpublisher = {Schloss Dagstuhl - Leibniz-Zentrum fuer Informatik},
  opturl       = {http://dx.doi.org/10.4230/LIPIcs.ECOOP.2016.21},
  doi       = {10.4230/LIPIcs.ECOOP.2016.21},
  timestamp = {Wed, 20 Jul 2016 15:20:05 +0200},
  biburl    = {http://dblp.uni-trier.de/rec/bib/conf/ecoop/ScalasY16},
  bibsource = {dblp computer science bibliography, http://dblp.org}
}

@Article{ScalasY16Artifact,
  author =	{Alceste Scalas and Nobuko Yoshida},
  title =	{{Lightweight Session Programming in Scala (Artifact)}},
  optpages =	{1--2},
  journal =	{Dagstuhl Artifacts Series},
  optISSN =	{2509-8195},
  year =	{2016},
  volume =	{2},
  number =	{1},
  opteditor =	{},
  optpublisher =	{Schloss Dagstuhl--Leibniz-Zentrum fuer Informatik},
  optaddress =	{Dagstuhl, Germany},
  optURL =		{http://drops.dagstuhl.de/opus/volltexte/2016/6132},
  optURN =		{urn:nbn:de:0030-drops-61327},
  doi =		{http://dx.doi.org/10.4230/DARTS.2.1.11},
  annote =	{Keywords: session types, Scala, concurrency}
}
