@inproceedings{DBLP:conf/ecoop/Wang,
  author    = {Fei Wang and Tiark Rompf},
  title     = {Towards {Strong Normalization} for {Dependent Object Types} {(DOT)}},
  booktitle = {ECOOP},
  year      = {2017}
}

@inproceedings{DBLP:conf/oopsla/RompfA16,
  author    = {Tiark Rompf and
               Nada Amin},
  title     = {Type soundness for dependent object types {(DOT)}},
  booktitle = {{OOPSLA}},
  pages     = {624--641},
  publisher = {{ACM}},
  year      = {2016}
}

@Manual{coq,
  title =        {The Coq proof assistant reference manual},
  author =       {\mbox{The Coq development team}},
  note =         {Version 8.4},
  year =         {2012},
  url =          "http://coq.inria.fr"
}

@phdthesis{girard1972interpretation,
  title={Interpr{\'e}tation fonctionelle et {\'e}limination des coupures de l’arithm{\'e}tique d’ordre sup{\'e}rieur},
  author={Girard, Jean-Yves},
  year={1972},
  school={Universit{\'e} Paris VII}
}

@article{DBLP:journals/jsyml/Tait67,
  author    = {William W. Tait},
  title     = {Intensional Interpretations of Functionals of Finite Type {I}},
  journal   = {J. Symb. Log.},
  volume    = {32},
  number    = {2},
  pages     = {198--212},
  year      = {1967}
}


