@Misc{FCSL:Project,
  author    = {Aleksandar Nanevski and Ruy Ley{-}Wild and Ilya Sergey
                  and Anindya Banerjee and Germ\'{a}n Andr\'{e}s
                  Delbianco},
  title = 	 {Mechanized Verification of Fine-grained Concurrent
                  Programs in Fine-grained Concurrent Separation
                  Logic: User Manual and Code Commentary},
  howpublished =
                  {\url{http://software.imdea.org/fcsl/papers/fcsl-manual.pdf}}
}

@Misc{FCSL:Manual,
  author    = {Aleksandar Nanevski and Ruy Ley{-}Wild and Ilya Sergey
                  and and Anindya Banerjee and Germ{\'{a}}n
                  Andr{\'{e}}s Delbianco},
  title = 	 {{FCSL}: Fine-grained Concurrent Separation Logic},
  howpublished = {\url{http://software.imdea.org/fcsl/}}
}


@inproceedings{LeyWildN+POPL13,
  author    = {Ruy Ley{-}Wild and
               Aleksandar Nanevski},
  title     = {Subjective auxiliary state for coarse-grained
                  concurrency},
  booktitle = {The 40th Annual {ACM} {SIGPLAN-SIGACT} Symposium on
                  Principles of Programming Languages, {POPL} '13},
  pages     = {561--574},
  year      = {2013},
  crossref  = {POPL:13},
  doi       = {10.1145/2429069.2429134},
  timestamp = {Fri, 18 Jan 2013 17:48:28 +0100},
  bibsource = {dblp computer science bibliography, http://dblp.org}
}

@inproceedings{NanevskiLSD+esop14,
  author    = {Aleksandar Nanevski and
               Ruy Ley{-}Wild and
               Ilya Sergey and
               Germ{\'{a}}n Andr{\'{e}}s Delbianco},
  title     = {Communicating State Transition Systems for Fine-Grained
                  Concurrent Resources},
  booktitle = {Programming Languages and Systems - 23rd European
                  Symposium on Programming, {ESOP} 2014. Proceedings},
  pages     = {290--310},
  year      = {2014},
  crossref  = {ESOP:14},
  doi       = {10.1007/978-3-642-54833-8_16},
  bibsource = {dblp computer science bibliography, http://dblp.org}
}

@Misc{Nanevski+OPLSS16,
  title = {Separation Logic and Concurrency},
  author = {Aleksandar Nanevski},
  howpublished = {Oregon programming languages summer school},
  note = {\url{http://software.imdea.org/~aleks/oplss16/notes.pdf}},
  year = {2016}}

@article{DelbiancoSNB+Arxiv16,
  author    = {Germ{\'{a}}n Andr{\'{e}}s Delbianco and
               Ilya Sergey and
               Aleksandar Nanevski and
               Anindya Banerjee},
  title     = {Concurrent Data Structures Linked in Time: Extended
                  Version},
  journal   = {CoRR},
  volume    = {abs/1604.08080},
  year      = {2016},
  url       = {http://arxiv.org/abs/1604.08080},
  timestamp = {Fri, 06 May 2016 11:29:12 +0200},
  bibsource = {dblp computer science bibliography, http://dblp.org}
}

@inproceedings{SergeyNB+ESOP15,
  author    = {Ilya Sergey and
               Aleksandar Nanevski and
               Anindya Banerjee},
  title     = {Specifying and Verifying Concurrent Algorithms with Histories and
               Subjectivity},
  booktitle = {Programming Languages and Systems - 24th European
                  Symposium on Programming, {ESOP} 2015. Proceedings},
  pages     = {333--358},
  year      = {2015},
  crossref  = {ESOP:15},
  doi       = {10.1007/978-3-662-46669-8_14},
  timestamp = {Tue, 07 Apr 2015 15:19:02 +0200},
  bibsource = {dblp computer science bibliography, http://dblp.org}
}

@inproceedings{SergeyNB+PLDI15,
  author    = {Ilya Sergey and
               Aleksandar Nanevski and
               Anindya Banerjee},
  title     = {Mechanized verification of fine-grained concurrent programs},
  booktitle = {Proceedings of the 36th {ACM} {SIGPLAN} Conference on
                  Programming Language Design and Implementation,
                  {PLDI} 2015},
  pages     = {77--87},
  year      = {2015},
  crossref = {PLDI:15},
  doi       = {10.1145/2737924.2737964},
  timestamp = {Fri, 05 Jun 2015 07:31:54 +0200},
  bibsource = {dblp computer science bibliography, http://dblp.org}
}

@inproceedings{SergeyNBD+OOPSLA16,
  author    = {Ilya Sergey and
               Aleksandar Nanevski and
               Anindya Banerjee and
               Germ{\'{a}}n Andr{\'{e}}s Delbianco},
  title     = {Hoare-style specifications as correctness conditions
                  for non-linearizable concurrent objects},
  booktitle = {Proceedings of the 2016 {ACM} {SIGPLAN} International
                  Conference on Object-Oriented Programming, Systems,
                  Languages, and Applications, {OOPSLA} 2016},
  pages     = {92--110},
  year      = {2016},
  crossref  = {OOPSLA:16},
  doi       = {10.1145/2983990.2983999},
  timestamp = {Tue, 25 Oct 2016 15:23:23 +0200},
  bibsource = {dblp computer science bibliography, http://dblp.org}
}

@Comment Jayanti Snapshot algorithm
@inproceedings{Jayanti+STOC05,
  author    = {Prasad Jayanti},
  title     = {An optimal multi-writer snapshot algorithm},
  booktitle = {Proceedings of the 37th Annual {ACM} Symposium on
                  Theory of Computing, Baltimore, MD, USA, May 22-24,
                  2005},
  pages     = {723--732},
  year      = {2005},
  crossref  = {STOC:05},
  doi       = {10.1145/1060590.1060697},
  timestamp = {Wed, 15 Feb 2006 09:55:49 +0100},
  bibsource = {dblp computer science bibliography, http://dblp.org}
}

@Comment Refinement mappings
@inproceedings{AbadiL+lics88,
  author    = {Mart{\'{\i}}n Abadi and
               Leslie Lamport},
  title     = {The Existence of Refinement Mappings},
  booktitle = {Proceedings of the Third Annual Symposium on Logic in
                  Computer Science {(LICS} '88)},
  pages     = {165--175},
  year      = {1988},
  crossref  = {LICS:88},
  doi       = {10.1109/LICS.1988.5115},
}

@article{AbadiL+TCS91,
  author    = {Mart{\'{\i}}n Abadi and
               Leslie Lamport},
  title     = {The Existence of Refinement Mappings},
  journal   = {Theor. Comput. Sci.},
  volume    = {82},
  number    = {2},
  pages     = {253--284},
  year      = {1991},
  doi       = {10.1016/0304-3975(91)90224-P},
}

@inproceedings{BellAW+SAS10,
  author    = {Christian J. Bell and
               Andrew W. Appel and
               David Walker},
  title     = {Concurrent Separation Logic for Pipelined
                  Parallelization},
  booktitle = {Static Analysis - 17th International Symposium, {SAS}
                  2010, Perpignan, France, September 14-16,
                  2010. Proceedings},
  pages     = {151--166},
  year      = {2010},
  crossref  = {SAS:10},
  doi       = {10.1007/978-3-642-15769-1_10},
  timestamp = {Tue, 21 Sep 2010 14:57:19 +0200},
  bibsource = {dblp computer science bibliography, http://dblp.org}
}

@Comment Journal  version of the Aspects' Concur paper.
@article{ChakrabortyHSV+LMCS15,
  author    = {Soham Chakraborty and
               Thomas A. Henzinger and
               Ali Sezgin and
               Viktor Vafeiadis},
  title     = {Aspect-oriented linearizability proofs},
  journal   = {Logical Methods in Computer Science},
  volume    = {11},
  number    = {1},
  year      = {2015},
  doi       = {10.2168/LMCS-11(1:20)2015},
  timestamp = {Wed, 03 May 2017 14:47:56 +0200},
  bibsource = {dblp computer science bibliography, http://dblp.org}
}

@inproceedings{DoddsFPV+esop09,
  author    = {Mike Dodds and
               Xinyu Feng and
               Matthew J. Parkinson and
               Viktor Vafeiadis},
  title     = {Deny-Guarantee Reasoning},
  booktitle = {Programming Languages and Systems, 18th European
                  Symposium on Programming, {ESOP} 2009.  Proceedings},
  pages     = {363--377},
  year      = {2009},
  crossref  = {ESOP:09},
  doi       = {10.1007/978-3-642-00590-9_26},
  timestamp = {Wed, 01 Apr 2009 14:21:55 +0200},
}

@inproceedings{DoddsHK+POPL15,
  crossref  = {POPL:15},
  author    = {Mike Dodds and
               Andreas Haas and
               Christoph M. Kirsch},
  title     = {A Scalable, Correct Time-Stamped Stack},
  booktitle = {Proceedings of the 42nd Annual {ACM} {SIGPLAN-SIGACT} Symposium on
               Principles of Programming Languages, {POPL} 2015, Mumbai, India, January
               15-17, 2015},
  pages     = {233--246},
  year      = {2015},
  doi       = {10.1145/2676726.2676963},
  timestamp = {Sat, 20 Dec 2014 16:58:56 +0100},
  bibsource = {dblp computer science bibliography, http://dblp.org}
}

@article{FilipovicOHRW+TCS10,
  author    = {Ivana Filipovic and Peter W. O'Hearn and Noam Rinetzky
                  and Hongseok Yang},
  title     = {Abstraction for concurrent objects},
  journal   = {Theor. Comput. Sci.},
  volume    = {411},
  number    = {51-52},
  pages     = {4379--4398},
  year      = {2010},
  doi       = {10.1016/j.tcs.2010.09.021},
  timestamp = {Tue, 07 Dec 2010 16:23:22 +0100},
  bibsource = {dblp computer science bibliography, http://dblp.org}
}
 
@inproceedings{HenzingerSV+CONCUR13,
  author    = {Thomas A. Henzinger and Ali Sezgin and Viktor
                  Vafeiadis},
  title     = {Aspect-Oriented Linearizability Proofs},
  booktitle = {{CONCUR} 2013 - Concurrency Theory - 24th International
                  Conference, {CONCUR} 2013, Buenos Aires, Argentina,
                  August 27-30, 2013. Proceedings},
  pages     = {242--256},
  year      = {2013},
  crossref  = {CONCUR:13},
  doi       = {10.1007/978-3-642-40184-8_18},
  timestamp = {Wed, 24 Jul 2013 15:44:24 +0200},
  bibsource = {dblp computer science bibliography, http://dblp.org}
}

@inproceedings{HaasHHKLPSSV+concur16,
  author    = {Andreas Haas and
               Thomas A. Henzinger and
               Andreas Holzer and
               Christoph M. Kirsch and
               Michael Lippautz and
               Hannes Payer and
               Ali Sezgin and
               Ana Sokolova and
               Helmut Veith},
  title     = {Local Linearizability for Concurrent Container-Type
                  Data Structures},
  booktitle = {27th International Conference on Concurrency Theory,
                  {CONCUR} 2016, Proceedings},
  pages     = {6:1--6:15},
  year      = {2016},
  crossref  = {concur:16},
  doi       = {10.4230/LIPIcs.CONCUR.2016.6},
  timestamp = {Tue, 30 Aug 2016 15:28:48 +0200},
 }


@article{HerlihyW+TOPLAS90,
  author    = {Maurice Herlihy and
               Jeannette M. Wing},
  title     = {Linearizability: {A} Correctness Condition for
                  Concurrent Objects},
  journal   = {{ACM} Trans. Program. Lang. Syst.},
  volume    = {12},
  number    = {3},
  pages     = {463--492},
  year      = {1990},
  doi       = {10.1145/78969.78972},
  timestamp = {Mon, 03 Apr 2006 11:19:30 +0200},
  bibsource = {dblp computer science bibliography, http://dblp.org}
}

@book{HerlihySh08,
  author    = {Maurice Herlihy and
               Nir Shavit},
  title     = {The art of multiprocessor programming},
  publisher = {M. Kaufmann},
  year      = {2008},
}

@comment IRIS papers

@inproceedings{JungSSSTBD+POPL15,
  author    = {Ralf Jung and
               David Swasey and
               Filip Sieczkowski and
               Kasper Svendsen and
               Aaron Turon and
               Lars Birkedal and
               Derek Dreyer},
  title     = {Iris: Monoids and Invariants as an Orthogonal Basis for
                  Concurrent Reasoning},
  booktitle = {Proceedings of the 42nd Annual {ACM} {SIGPLAN-SIGACT}
                  Symposium on Principles of Programming Languages,
                  {POPL} 2015},
  pages     = {637--650},
  year      = {2015},
  crossref  = {POPL:15},
  doi       = {10.1145/2676726.2676980},
  timestamp = {Thu, 19 Feb 2015 13:27:05 +0100},
}

@inproceedings{JungKBD+ICFP16,
  author    = {Ralf Jung and
               Robbert Krebbers and
               Lars Birkedal and
               Derek Dreyer},
  title     = {Higher-order ghost state},
  booktitle = {Proceedings of the 21st {ACM} {SIGPLAN} International
                  Conference on Functional Programming, {ICFP} 2016},
  pages     = {256--269},
  year      = {2016},
  crossref  = {ICFP:16},
  doi       = {10.1145/2951913.2951943},
}

@inproceedings{KrebbersTB+popl17,
  author    = {Robbert Krebbers and
               Amin Timany and
               Lars Birkedal},
  title     = {Interactive proofs in higher-order concurrent
                  separation logic},
  booktitle = {Proceedings of the 44th {ACM} {SIGPLAN} Symposium on
                  Principles of Programming Languages, {POPL} 2017},
  pages     = {205--217},
  year      = {2017},
  crossref  = {POPL:17},
}

@inproceedings{LiangF+PLDI13,
  author    = {Hongjin Liang and Xinyu Feng},
  title     = {Modular verification of linearizability with non-fixed
                  linearization points},
  booktitle = {{ACM} {SIGPLAN} Conference on Programming Language
                  Design and Implementation, {PLDI} '13, Seattle, WA,
                  USA, June 16-19, 2013},
  pages     = {459--470},
  year      = {2013},
  crossref  = {PLDI:13},
  doi       = {10.1145/2462156.2462189},
  timestamp = {Sun, 09 Jun 2013 12:32:52 +0200},
  bibsource = {dblp computer science bibliography, http://dblp.org}
}

@inproceedings{PetrankT+DISC13,
  author    = {Erez Petrank and Shahar Timnat},
  title     = {Lock-Free Data-Structure Iterators},
  booktitle = {Distributed Computing - 27th International Symposium,
                  {DISC} 2013, Jerusalem, Israel, October 14-18,
                  2013. Proceedings},
  pages     = {224--238},
  year      = {2013},
  crossref  = {DISC:13},
  doi       = {10.1007/978-3-642-41527-2_16},
  timestamp = {Mon, 28 Oct 2013 18:03:50 +0100},
  bibsource = {dblp computer science bibliography, http://dblp.org}
}

@inproceedings{PintoDYG+ECOOP14,
  author    = {Pedro da Rocha Pinto and
               Thomas Dinsdale{-}Young and
               Philippa Gardner},
  title     = {TaDA: {A} Logic for Time and Data Abstraction},
  booktitle = {{ECOOP} 2014 - Object-Oriented Programming - 28th
                  European Conference. Proceedings},
  year      = {2014},
  pages     = {207--231},
  crossref  = {ECOOP:14},
  doi       = {10.1007/978-3-662-44202-9_9},
  timestamp = {Thu, 02 Oct 2014 14:58:38 +0200},
}

@techreport{QadeerST+tr09,
   author = {Shaz Qadeer and
             Ali Sezgin and
             Serdar Tasiran},
   title  = {Back and Forth: Prophecy Variables for Static
                  Verification of Concurrent Programs},  
   optinstitution = {Microsoft Research}, 
   number    = {MSR-TR-2009-142},
   year = {2009},
}

@inproceedings{SchellhornWD+CAV12,
  author    = {Gerhard Schellhorn and Heike Wehrheim and John Derrick},
  title     = {How to Prove Algorithms Linearisable},
  booktitle = {Computer Aided Verification - 24th International Conference, {CAV}
               2012, Berkeley, CA, USA, July 7-13, 2012 Proceedings},
  pages     = {243--259},
  year      = {2012},
  crossref  = {CAV:12},
  doi       = {10.1007/978-3-642-31424-7_21},
  timestamp = {Tue, 03 Jul 2012 08:52:37 +0200},
  bibsource = {dblp computer science bibliography, http://dblp.org}
}

@inproceedings{SvendsenB+ESOP14,
  author    = {Kasper Svendsen and
               Lars Birkedal},
  title     = {{Impredicative Concurrent Abstract Predicates}},
  booktitle = {Programming Languages and Systems - 23rd European
                  Symposium on Programming, {ESOP} 2014, Proceedings},
  pages     = {149-168},
  crossref  = {ESOP:14},
  doi       = {10.1007/978-3-642-54833-8_9},
}

@Comment Turon eta al CARESL ICFP paper

@inproceedings{TuronDB+ICFP13,
  author    = {Aaron Turon and
               Derek Dreyer and
               Lars Birkedal},
  title     = {Unifying refinement and hoare-style reasoning in a
                  logic for higher-order concurrency},
  booktitle = {{ACM} {SIGPLAN} International Conference on Functional
                  Programming, ICFP'13},
  pages     = {377--390},
  year      = {2013},
  crossref  = {ICFP:13},
  doi       = {10.1145/2500365.2500600},
  timestamp = {Thu, 19 Sep 2013 11:26:38 +0200},
}

@Comment Turon eta al CARESL POPL paper

@inproceedings{TuronTABD+POPL13,
  author    = {Aaron Joseph Turon and Jacob Thamsborg and Amal Ahmed
                  and Lars Birkedal and Derek Dreyer},
  title     = {Logical relations for fine-grained concurrency},
  pages     = {343--356},
  crossref  = {POPL:13},
  optdoi    = {10.1145/2429069.2429111},
}

@phdthesis{Vafeiadis+PhD07,
 title = {Modular fine-grained concurrency verification},
 author = {Viktor Vafeiadis},
 school = {University of Cambridge},
 url = 	 {http://www.cl.cam.ac.uk/techreports/UCAM-CL-TR-726.pdf},
 year = {2007},
}

@inproceedings{VafeiadisP+CONCUR07,
  author    = {Viktor Vafeiadis and
               Matthew J. Parkinson},
  title     = {A Marriage of Rely/Guarantee and Separation Logic},
  booktitle = {{CONCUR} 2007 - Concurrency Theory, 18th International
                  Conference, {CONCUR} 2007, Lisbon, Portugal,
                  September 3-8, 2007, Proceedings},
  pages     = {256--271},
  year      = {2007},
  crossref  = {CONCUR:07},
  doi       = {10.1007/978-3-540-74407-8_18},
  timestamp = {Wed, 30 Jan 2008 10:33:05 +0100},
  bibsource = {dblp computer science bibliography, http://dblp.org}
}

@inproceedings{VafeiadisHHS+PPoPP06,
  author    = {Viktor Vafeiadis and
               Maurice Herlihy and
               Tony Hoare and
               Marc Shapiro},
  title     = {Proving correctness of highly-concurrent linearisable
                  objects},
  booktitle = {Proceedings of the {ACM} {SIGPLAN} Symposium on
                  Principles and Practice of Parallel Programming,
                  {PPOPP} 2006, New York, New York, USA, March 29-31,
                  2006},
  pages     = {129--136},
  year      = {2006},
  crossref  = {PPoPP:06},
  doi       = {10.1145/1122971.1122992},
  timestamp = {Tue, 22 May 2012 15:24:56 +0200},
  bibsource = {dblp computer science bibliography, http://dblp.org}
}

@article{OwickiG+CACM76,
  author    = {Susan S. Owicki and
               David Gries},
  title     = {Verifying Properties of Parallel Programs: An Axiomatic
                  Approach},
  journal   = {Commun. {ACM}},
  volume    = {19},
  number    = {5},
  pages     = {279--285},
  year      = {1976},
  doi       = {10.1145/360051.360224},
  timestamp = {Tue, 07 Jun 2011 16:51:03 +0200},
  bibsource = {dblp computer science bibliography, http://dblp.org}
}

@article{OHearn+TCS07,
  author    = {Peter W. O'Hearn},
  title     = {Resources, concurrency, and local reasoning},
  journal   = {Th. Comp. Sci.},
  volume    = {375},
  number    = {1-3},
  year      = {2007},
  pages = {271--307},
  doi = {10.1016/j.tcs.2006.12.035},
}

@inproceedings{FuLFSZ+CONCUR10,
  author    = {Ming Fu and Yong Li and Xinyu Feng and Zhong Shao and
                  Yu Zhang},
  title     = {Reasoning about Optimistic Concurrency Using a Program
                  Logic for History},
  booktitle = {{CONCUR} 2010 - Concurrency Theory, 21th International
                  Conference, {CONCUR} 2010, Paris, France, August
                  31-September 3, 2010. Proceedings},
  pages     = {388--402},
  year      = {2010},
  crossref  = {CONCUR:10},
  doi       = {10.1007/978-3-642-15375-4_27},
  timestamp = {Thu, 26 Aug 2010 16:46:17 +0200},
  bibsource = {dblp computer science bibliography, http://dblp.org}
}

@inproceedings{GotsmanRY+ESOP13,
  author    = {Alexey Gotsman and Noam Rinetzky and Hongseok Yang},
  title     = {Verifying Concurrent Memory Reclamation Algorithms with
                  Grace},
  booktitle = {Programming Languages and Systems - 22nd European
                  Symposium on Programming, {ESOP} 2013, Held as Part
                  of the European Joint Conferences on Theory and
                  Practice of Software, {ETAPS} 2013, Rome, Italy,
                  March 16-24, 2013. Proceedings},
  pages     = {249--269},
  year      = {2013},
  crossref  = {ESOP:13},
  doi       = {10.1007/978-3-642-37036-6_15},
  timestamp = {Mon, 18 Feb 2013 15:03:29 +0100},
  bibsource = {dblp computer science bibliography, http://dblp.org}
}

@inproceedings{KhyzhaGP+FM16,
  author    = {Artem Khyzha and Alexey Gotsman and Matthew
                  J. Parkinson},
  title     = {A Generic Logic for Proving Linearizability},
  booktitle = {{FM} 2016: Formal Methods - 21st International
                  Symposium, Limassol, Cyprus, November 9-11, 2016,
                  Proceedings},
  pages     = {426--443},
  year      = {2016},
  crossref  = {FM:16},
  doi       = {10.1007/978-3-319-48989-6_26},
  timestamp = {Tue, 08 Nov 2016 20:35:20 +0100},
  bibsource = {dblp computer science bibliography, http://dblp.org}
}

@inproceedings{KhyzhaGP+ESOP17,
  author    = {Artem Khyzha and
               Mike Dodds and
               Alexey Gotsman and
               Matthew J. Parkinson},
  title     = {Proving Linearizability Using Partial Orders},
  booktitle = {Programming Languages and Systems - 26th European
                  Symposium on Programming, {ESOP} 2017. Proceedings},
  pages     = {639--667},
  year      = {2017},
  crossref  = {ESOP:17},
  doi       = {10.1007/978-3-662-54434-1_24},
  timestamp = {Sun, 23 Apr 2017 09:51:48 +0200},
}

@Comment Harris et al Conditial-CAS paper
@inproceedings{HarrisFP+DISC02,
  author    = {Timothy L. Harris and Keir Fraser and Ian A. Pratt},
  title     = {A Practical Multi-word Compare-and-Swap Operation},
  booktitle = {Distributed Computing, 16th International Conference,
                  {DISC} 2002. Proceedings},
  pages     = {265--279},
  year      = {2002},
  crossref  = {DISC:02},
  doi       = {10.1007/3-540-36108-1_18},
  bibsource = {dblp computer science bibliography, http://dblp.org}
}

@Comment Heller's Concurrent Set
@inproceedings{HellerHLMSS+OPODIS05,
  author    = {Steve Heller and
               Maurice Herlihy and
               Victor Luchangco and
               Mark Moir and
               William N. Scherer III and
               Nir Shavit},
  title     = {A Lazy Concurrent List-Based Set Algorithm},
  booktitle = {Principles of Distributed Systems, 9th International
                  Conference, {OPODIS} 2005, Pisa, Italy, December
                  12-14, 2005, Revised Selected Papers},
  pages     = {3--16},
  year      = {2005},
  crossref  = {OPODIS:05},
  doi       = {10.1007/11795490_3},
  timestamp = {Thu, 05 Mar 2015 17:21:33 +0100},
  bibsource = {dblp computer science bibliography, http://dblp.org}
}

@Comment (CAL) Concurrency Aware Linearizability
@inproceedings{HemedRV+DISC15,
  author    = {Nir Hemed and Noam Rinetzky and Viktor Vafeiadis},
  title     = {Modular Verification of Concurrency-Aware Linearizability},
  booktitle = {Distributed Computing - 29th International Symposium,
                  {DISC} 2015, Tokyo, Japan, October 7-9, 2015,
                  Proceedings},
  pages     = {371--387},
  year      = {2015},
  crossref  = {DISC:15},
  doi       = {10.1007/978-3-662-48653-5_25},
  timestamp = {Mon, 05 Oct 2015 15:46:25 +0200},
  bibsource = {dblp computer science bibliography, http://dblp.org}
}

@inproceedings{HendlerHIST+SPAA10,
  author    = {Danny Hendler and Itai Incze and Nir Shavit and Moran
                  Tzafrir},
  title     = {Flat combining and the synchronization-parallelism tradeoff},
  booktitle = {{SPAA} 2010: Proceedings of the 22nd Annual {ACM}
                  Symposium on Parallelism in Algorithms and
                  Architectures, Thira, Santorini, Greece, June 13-15,
                  2010},
  pages     = {355--364},
  year      = {2010},
  crossref  = {SPAA:10},
  doi       = {10.1145/1810479.1810540},
  timestamp = {Thu, 23 Jun 2011 21:55:19 +0200},
  bibsource = {dblp computer science bibliography, http://dblp.org}
}

@Comment Jones' Original Rely-Guarantee Paper

@article{Jones+TOPLAS83,
  author    = {Cliff B. Jones},
  title     = {Tentative Steps Toward a Development Method for Interfering
               Programs},
  journal   = {ACM Trans. Program. Lang. Syst.},
  volume    = {5},
  number    = {4},
  year      = {1983},
  pages     = {596-619},
  doi = {10.1145/69575.69577},
}

@Comment O'Hearn et.al.' s Hindisght paper
@inproceedings{OHearnRVYY+PODC10,
  author    = {Peter W. O'Hearn and Noam Rinetzky and Martin T. Vechev
                  and Eran Yahav and Greta Yorsh},
  title     = {Verifying linearizability with hindsight},
  booktitle = {Proceedings of the 29th Annual {ACM} Symposium on
                  Principles of Distributed Computing, {PODC} 2010,
                  Zurich, Switzerland, July 25-28, 2010},
  pages     = {85--94},
  year      = {2010},
  crossref  = {PODC:10},
  doi       = {10.1145/1835698.1835722},
  timestamp = {Wed, 23 May 2012 14:26:10 +0200},
  bibsource = {dblp computer science bibliography, http://dblp.org}
}

@inproceedings{Reynolds+fsttcs04,
  author    = {John C. Reynolds},
  title     = {Toward a Grainless Semantics for Shared-Variable
                  Concurrency},
  booktitle = {FSTTCS},
  year      = {2004},
  pages     = {35-48},
  ee        = {http://dx.doi.org/10.1007/978-3-540-30538-5_4},
  crossref  = {DBLP:conf/fsttcs/2004},
  bibsource = {DBLP, http://dblp.uni-trier.de}
}

@inproceedings{Jacobs-Piessens+POPL11,
  author    = {Bart Jacobs and Frank Piessens},
  title     = {Expressive modular fine-grained concurrency specification},
  booktitle = {Proceedings of the 38th {ACM} {SIGPLAN-SIGACT}
                  Symposium on Principles of Programming Languages,
                  {POPL} 2011, Austin, TX, USA, January 26-28, 2011},
  pages     = {271--282},
  year      = {2011},
  crossref  = {POPL:11},
  doi       = {10.1145/1926385.1926417},
  timestamp = {Mon, 02 Dec 2013 10:51:46 +0100},
  bibsource = {dblp computer science bibliography, http://dblp.org}
}

@inproceedings{CeroneGY+ICALP14,
  author    = {Andrea Cerone and
               Alexey Gotsman and
               Hongseok Yang},
  title     = {Parameterised Linearisability},
  booktitle = {Automata, Languages, and Programming - 41st
                  International Colloquium, {ICALP} 2014, Proceedings,
                  Part {II}},
  pages     = {98--109},
  year      = {2014},
  crossref = {ICALP:14}, 
  doi       = {10.1007/978-3-662-43951-7_9},
  timestamp = {Fri, 13 Jun 2014 13:58:15 +0200},
}

@inproceedings{ColvinGLM06,
 author    = {Robert Colvin and Lindsay Groves and Victor Luchangco
                  and Mark Moir},
  title     = {Formal Verification of a Lazy Concurrent List-Based Set Algorithm},
  booktitle = {Computer Aided Verification, 18th International
                  Conference, {CAV} 2006, Seattle, WA, USA, August
                  17-20, 2006, Proceedings},
  pages     = {475--488},
  year      = {2006},
  crossref  = {CAV:06},
  doi       = {10.1007/11817963_44},
  timestamp = {Mon, 21 Aug 2006 09:57:39 +0200},
  bibsource = {dblp computer science bibliography, http://dblp.org}
 }

@article{ColvinDG05,
  author    = {Robert Colvin and
               Simon Doherty and
               Lindsay Groves},
  title     = {Verifying Concurrent Data Structures by Simulation},
  journal   = {Electr. Notes Theor. Comput. Sci.},
  volume    = {137},
  number    = {2},
  pages     = {93--110},
  year      = {2005},
  doi       = {10.1016/j.entcs.2005.04.026},
  timestamp = {Mon, 19 Dec 2005 13:33:29 +0100},
  bibsource = {dblp computer science bibliography, http://dblp.org}
}
 
@inproceedings{GotsmanY12+CONCUR12,
  author    = {Alexey Gotsman and Hongseok Yang},
  title     = {Linearizability with Ownership Transfer},
  booktitle = {{CONCUR} 2012 - Concurrency Theory - 23rd International
                  Conference, {CONCUR} 2012, Newcastle upon Tyne, UK,
                  September 4-7, 2012. Proceedings},
  pages     = {256--271},
  year      = {2012},
  crossref  = {CONCUR:12},
  doi       = {10.1007/978-3-642-32940-1_19},
  timestamp = {Tue, 04 Sep 2012 09:10:59 +0200},
  bibsource = {dblp computer science bibliography, http://dblp.org}
}

@inproceedings{MorrisonA+PPOPP13,
  author    = {Adam Morrison and
               Yehuda Afek},
  title     = {Fast concurrent queues for x86 processors},
  booktitle = {{ACM} {SIGPLAN} Symposium on Principles and Practice of
                  Parallel Programming, PPoPP '13, Shenzhen, China,
                  February 23-27, 2013},
  pages     = {103--112},
  year      = {2013},
  crossref  = {PPOPP:13},
  doi       = {10.1145/2442516.2442527},
  timestamp = {Sun, 16 Mar 2014 14:20:37 +0100},
  bibsource = {dblp computer science bibliography, http://dblp.org}
}
  

@article{Morrison+CACM16,
  author    = {Adam Morrison},
  title     = {Scaling synchronization in multicore programs},
  journal   = {Commun. {ACM}},
  volume    = {59},
  number    = {11},
  pages     = {44--51},
  year      = {2016},
  doi       = {10.1145/2980987},
  timestamp = {Mon, 31 Oct 2016 15:17:46 +0100},
}

@inproceedings{HoffmanSS+OPODIS07,
  author    = {Moshe Hoffman and Ori Shalev and Nir Shavit},
  title     = {The Baskets Queue},
  booktitle = {Principles of Distributed Systems, 11th International
                  Conference, {OPODIS} 2007, Guadeloupe, French West
                  Indies, December 17-20, 2007.  Proceedings},
  pages     = {401--414},
  year      = {2007},
  crossref  = {opodis:07},
  doi       = {10.1007/978-3-540-77096-1_29},
  timestamp = {Tue, 13 May 2008 13:53:16 +0200},
  bibsource = {dblp computer science bibliography, http://dblp.org}
}

@article{DerrickSW+TOPLAS11,
  author    = {John Derrick and
               Gerhard Schellhorn and
               Heike Wehrheim},
  title     = {Mechanically verified proof obligations for linearizability},
  journal   = {{ACM} Trans. Program. Lang. Syst.},
  volume    = {33},
  number    = {1},
  pages     = {4},
  year      = {2011},
}

@inproceedings{Derrick-al:FM14,
  author    = {John Derrick and Brijesh Dongol and Gerhard Schellhorn
                  and Bogdan Tofan and Oleg Travkin and Heike
                  Wehrheim},
  title     = {Quiescent Consistency: Defining and Verifying Relaxed
                  Linearizability},
  booktitle = {{FM} 2014: Formal Methods - 19th International
                  Symposium. Proceedings},
  pages     = {200--214},
  year      = {2014},
  doi       = {10.1007/978-3-319-06410-9_15},
  timestamp = {Wed, 14 May 2014 21:14:55 +0200},
  crossref  = {FM:14}
}


@article{DoddsJPSB+TOPLAS16,
 author    = {Mike Dodds and Suresh Jagannathan and Matthew
                  J. Parkinson and Kasper Svendsen and Lars Birkedal},
  title     = {Verifying Custom Synchronization Constructs Using
                  Higher-Order Separation Logic},
  journal   = {{ACM} Trans. Program. Lang. Syst.},
  volume    = {38},
  number    = {2},
  pages     = {4:1--4:72},
  year      = {2016},
  doi       = {10.1145/2818638},
  timestamp = {Tue, 03 Jan 2017 13:49:06 +0100},
  bibsource = {dblp computer science bibliography, http://dblp.org}
}

@inproceedings{Filipovic-al:ESOP09,
  author    = {Ivana Filipovic and
               Peter W. O'Hearn and
               Noam Rinetzky and
               Hongseok Yang},
  title     = {Abstraction for Concurrent Objects},
  booktitle = {ESOP},
  pages     = {252--266},
  year      = {2009},
  series    = {LNCS},
  volume    = {5502},
  publisher = {Springer},
  year      = {2009},
}



%%% OOPSLA PAPER

@inproceedings{Hemed-Rinetzky:PODC14,
  author    = {Nir Hemed and
               Noam Rinetzky},
  title     = {{\emph{Brief announcement}: Concurrency-Aware
                  Linearizability}},
  pages     = {209--211},
  crossref  = {PODC:14},
}

@inproceedings{Afek-al:OPODIS10,
  author    = {Yehuda Afek and
               Guy Korland and
               Eitan Yanovsky},
  title     = {{Quasi-Linearizability: Relaxed Consistency for
                  Improved Concurrency}},
  pages     = {395--410},
  crossref  = {OPODIS:10},
}

@inproceedings{HenzingerKPSS+POPL13,
  author    = {Thomas A. Henzinger and
               Christoph M. Kirsch and
               Hannes Payer and
               Ali Sezgin and
               Ana Sokolova},
  title     = {Quantitative relaxation of concurrent data structures},
  pages     = {317--328},
  crossref  = {POPL:13},
}

@inproceedings{JagadeesanR+ICALP14,
  author    = {Radha Jagadeesan and James Riely},
  title     = {{Between Linearizability and Quiescent Consistency
                  - Quantitative Quiescent Consistency}},
  pages     = {220--231},
  booktitle = {Automata, Languages, and Programming - 41st
                  International Colloquium, {ICALP} 2014, Proceedings,
                  Part {II}},
  series    = {LNCS},
  volume    = {8573},
  publisher = {Springer},
  crossref  = {ICALP:14},
}


%
% Proceeedings for cross reference.
%

@proceedings{LICS:88,
  title     = {Proceedings of the Third Annual Symposium on Logic in
                  Computer Science {(LICS} '88), Edinburgh, Scotland,
                  UK, July 5-8, 1988},
  publisher = {{IEEE} Computer Society},
  year      = {1988},
  isbn      = {0-8186-0853-6},
  timestamp = {Fri, 21 Nov 2014 14:08:55 +0100},
  bibsource = {dblp computer science bibliography, http://dblp.org}
}

@Comment 2000s


@proceedings{DISC:02,
  editor    = {Dahlia Malkhi},
  title     = {Distributed Computing, 16th International Conference,
                  {DISC} 2002, Toulouse, France, October 28-30, 2002
                  Proceedings},
  booktilte = {DICS},
  series    = {LNCS},
  volume    = {2508},
  publisher = {Springer},
  year      = {2002},
  isbn      = {3-540-00073-9},
  timestamp = {Fri, 21 Nov 2003 14:01:42 +0100},
}

@proceedings{TLCA:05,
  editor    = {Pawel Urzyczyn},
  title     = {Typed Lambda Calculi and Applications, 7th
                  International Conference, {TLCA} 2005, Proceedings},
  series    = {LNCS},
  volume    = {3461},
  publisher = {Springer},
  year      = {2005},
  isbn      = {3-540-25593-1},
  timestamp = {Tue, 12 Apr 2005 12:39:11 +0200},
  bibsource = {dblp computer science bibliography, http://dblp.org}
}

@proceedings{STOC:05,
  opteditor    = {Harold N. Gabow and Ronald Fagin},
  booktitle     = {STOC},
  optbooktitle     = {Proceedings of the 37th Annual {ACM} Symposium on Theory of Computing,
               Baltimore, MD, USA, May 22-24, 2005},
  publisher = {{ACM}},
  year      = {2005},
}

@proceedings{OPODIS:05,
  editor    = {James H. Anderson and Giuseppe Prencipe and Roger
                  Wattenhofer},
  title     = {Principles of Distributed Systems, 9th International
                  Conference, {OPODIS} 2005, Pisa, Italy, December
                  12-14, 2005, Revised Selected Papers},
  series    = {Lecture Notes in Computer Science},
  volume    = {3974},
  publisher = {Springer},
  year      = {2006},
  doi       = {10.1007/11795490},
  isbn      = {3-540-36321-1},
  timestamp = {Thu, 05 Mar 2015 17:21:33 +0100},
  bibsource = {dblp computer science bibliography, http://dblp.org}
}

@proceedings{CAV:06,
  editor    = {Thomas Ball and
               Robert B. Jones},
  title     = {Computer Aided Verification, 18th International
                  Conference, {CAV} 2006, Seattle, WA, USA, August
                  17-20, 2006, Proceedings},
  series    = {Lecture Notes in Computer Science},
  volume    = {4144},
  publisher = {Springer},
  year      = {2006},
  isbn      = {3-540-37406-X},
  timestamp = {Mon, 21 Aug 2006 09:57:39 +0200},
  bibsource = {dblp computer science bibliography, http://dblp.org}
}

@proceedings{PPoPP:06,
  editor    = {Josep Torrellas and Siddhartha Chatterjee},
  title     = {Proceedings of the {ACM} {SIGPLAN} Symposium on
                  Principles and Practice of Parallel Programming,
                  {PPOPP} 2006, New York, New York, USA, March 29-31,
                  2006},
  publisher = {{ACM}},
  year      = {2006},
  isbn      = {1-59593-189-9},
  timestamp = {Tue, 22 May 2012 15:24:56 +0200},
  bibsource = {dblp computer science bibliography, http://dblp.org}
}

@proceedings{POPL:06,
  editor    = {J. Gregory Morrisett and
               Simon L. Peyton Jones},
  title     = {Proceedings of the 33rd {ACM} {SIGPLAN-SIGACT}
                  Symposium on Principles of Programming Languages,
                  {POPL} 2006},
  publisher = {{ACM}},
  year      = {2006},
  isbn      = {1-59593-027-2},
  timestamp = {Tue, 22 May 2012 15:24:56 +0200}
}

@proceedings{DBLP:conf/vmcai/2006,
  editor    = {E. Allen Emerson and
               Kedar S. Namjoshi},
  title     = {Verification, Model Checking, and Abstract
                  Interpretation, 7th International Conference, VMCAI
                  2006, Proceedings},
  booktitle = {VMCAI},
  publisher = {Springer},
  series    = {LNCS},
  volume    = {3855},
  year      = {2006},
  isbn      = {3-540-31139-4},
  bibsource = {DBLP, http://dblp.uni-trier.de}
}

@proceedings{ICFP:06,
  editor    = {John H. Reppy and
               Julia L. Lawall},
  title     = {Proceedings of the 11th {ACM} {SIGPLAN} International Conference on
               Functional Programming, {ICFP} 2006, Portland, Oregon, USA, September
               16-21, 2006},
  publisher = {{ACM}},
  year      = {2006},
  isbn      = {1-59593-309-3},
  timestamp = {Wed, 27 Sep 2006 15:55:23 +0200},
  bibsource = {dblp computer science bibliography, http://dblp.org}
}

@proceedings{CONCUR:07,
  editor    = {Lu{\'{\i}}s Caires and Vasco Thudichum Vasconcelos},
  title     = {{CONCUR} 2007 - Concurrency Theory, 18th International
                  Conference, {CONCUR} 2007, Lisbon, Portugal,
                  September 3-8, 2007, Proceedings},
  series    = {Lecture Notes in Computer Science},
  volume    = {4703},
  publisher = {Springer},
  year      = {2007},
  isbn      = {978-3-540-74406-1},
  timestamp = {Tue, 21 Aug 2007 14:21:38 +0200},
  bibsource = {dblp computer science bibliography, http://dblp.org}
}

@proceedings{opodis:07,
  editor    = {Eduardo Tovar and
               Philippas Tsigas and
               Hac{\`{e}}ne Fouchal},
  title     = {Principles of Distributed Systems, 11th International
                  Conference, {OPODIS} 2007, Guadeloupe, French West
                  Indies, December 17-20, 2007.  Proceedings},
  series    = {Lecture Notes in Computer Science},
  volume    = {4878},
  publisher = {Springer},
  year      = {2007},
  isbn      = {978-3-540-77095-4},
  timestamp = {Tue, 13 May 2008 13:51:58 +0200},
  biburl    = {http://dblp.dagstuhl.de/rec/bib/conf/opodis/2007},
  bibsource = {dblp computer science bibliography, http://dblp.org}
}

@proceedings{ESOP:09,
  editor    = {Giuseppe Castagna},
  title     = {Programming Languages and Systems, 18th European
                  Symposium on Programming, {ESOP} 2009, Proceedings},
  series    = {LNCS},
  volume    = {5502},
  publisher = {Springer},
  year      = {2009},
  doi       = {10.1007/978-3-642-00590-9},
  isbn      = {978-3-642-00589-3},
  timestamp = {Wed, 01 Apr 2009 14:21:16 +0200},
}


@Comment 2010s

@proceedings{POPL:10,
  editor    = {Manuel V. Hermenegildo and
               Jens Palsberg},
  title     = {Proceedings of the 37th {ACM} {SIGPLAN-SIGACT}
                  Symposium on Principles of Programming Languages,
                  {POPL} 2010},
  publisher = {{ACM}},
  year      = {2010},
  isbn      = {978-1-60558-479-9},
  timestamp = {Tue, 22 May 2012 15:24:56 +0200},
  biburl    = {http://dblp.uni-trier.de/rec/bib/conf/popl/2010},
  bibsource = {dblp computer science bibliography, http://dblp.org}
}

@proceedings{SAS:10,
  editor    = {Radhia Cousot and
               Matthieu Martel},
  title     = {Static Analysis - 17th International Symposium, {SAS}
                  2010, Perpignan, France, September 14-16,
                  2010. Proceedings},
  series    = {Lecture Notes in Computer Science},
  volume    = {6337},
  publisher = {Springer},
  year      = {2010},
  doi       = {10.1007/978-3-642-15769-1},
  isbn      = {978-3-642-15768-4},
  timestamp = {Tue, 21 Sep 2010 14:53:41 +0200},
  biburl    = {http://dblp.uni-trier.de/rec/bib/conf/sas/2010},
  bibsource = {dblp computer science bibliography, http://dblp.org}
}

@proceedings{SPAA:10,
  editor    = {Friedhelm Meyer auf der Heide and Cynthia A. Phillips},
  title     = {{SPAA} 2010: Proceedings of the 22nd Annual {ACM}
                  Symposium on Parallelism in Algorithms and
                  Architectures, Thira, Santorini, Greece, June 13-15,
                  2010},
  publisher = {{ACM}},
  year      = {2010},
  isbn      = {978-1-4503-0079-7},
  timestamp = {Thu, 23 Jun 2011 21:55:19 +0200},
  bibsource = {dblp computer science bibliography, http://dblp.org}
}

@proceedings{PODC:10,
  editor    = {Andr{\'{e}}a W. Richa and Rachid Guerraoui},
  title     = {Proceedings of the 29th Annual {ACM} Symposium on
                  Principles of Distributed Computing, {PODC} 2010,
                  Zurich, Switzerland, July 25-28, 2010},
  publisher = {{ACM}},
  year      = {2010},
  isbn      = {978-1-60558-888-9},
  timestamp = {Wed, 23 May 2012 14:26:10 +0200},
  biburl    = {http://dblp.uni-trier.de/rec/bib/conf/podc/2010},
  bibsource = {dblp computer science bibliography, http://dblp.org}
}

@proceedings{CONCUR:10,
  editor    = {Paul Gastin and Fran{\c{c}}ois Laroussinie},
  title     = {{CONCUR} 2010 - Concurrency Theory, 21th International
                  Conference, {CONCUR} 2010, Paris, France, August
                  31-September 3, 2010. Proceedings},
  series    = {Lecture Notes in Computer Science},
  volume    = {6269},
  publisher = {Springer},
  year      = {2010},
  doi       = {10.1007/978-3-642-15375-4},
  isbn      = {978-3-642-15374-7},
  timestamp = {Thu, 26 Aug 2010 16:45:23 +0200},
  bibsource = {dblp computer science bibliography, http://dblp.org}
}

@proceedings{ICFP:10,
  editor    = {Paul Hudak and
               Stephanie Weirich},
  title     = {Proceeding of the 15th {ACM} {SIGPLAN} international
                  conference on Functional programming, {ICFP} 2010},
  publisher = {{ACM}},
  year      = {2010},
  isbn      = {978-1-60558-794-3},
  timestamp = {Fri, 08 Oct 2010 07:46:10 +0200},
  biburl    = {http://dblp.uni-trier.de/rec/bib/conf/icfp/2010},
  bibsource = {dblp computer science bibliography, http://dblp.org}
}

@proceedings{OPODIS:10,
  editor    = {Chenyang Lu and Toshimitsu Masuzawa and Mohamed Mosbah},
  series    = {LNCS},
  volume    = {6490},
  publisher = {Springer},
  year      = {2010},
  booktitle = {OPODIS},
  booktitle = {Proceedings of 14th International Conference on
                  Principles of Distributed Systems ({OPODIS}~2010)}
}

@proceedings{OOPSLA:10,
  editor    = {William R. Cook and
               Siobh{\'{a}}n Clarke and
               Martin C. Rinard},
  title     = {Proceedings of the 25th Annual {ACM} {SIGPLAN}
                  Conference on Object-Oriented Programming, Systems,
                  Languages, and Applications, {OOPSLA} 2010},
  publisher = {{ACM}},
  year      = {2010},
  isbn      = {978-1-4503-0203-6},
  timestamp = {Wed, 27 Oct 2010 13:44:08 +0200},
}

@proceedings{TLCA:11,
  editor    = {C.{-}H. Luke Ong},
  title     = {Typed Lambda Calculi and Applications - 10th
                  International Conference, {TLCA} 2011, Proceedings},
  series    = {LNCS},
  volume    = {6690},
  publisher = {Springer},
  year      = {2011},
  doi       = {10.1007/978-3-642-21691-6},
  isbn      = {978-3-642-21690-9},
  timestamp = {Wed, 15 Jun 2011 14:21:31 +0200},
  biburl    = {http://dblp.uni-trier.de/rec/bib/conf/tlca/2011},
}

@proceedings{DBLP:conf/icfp/2011,
  editor    = {Manuel M. T. Chakravarty and
               Zhenjiang Hu and
               Olivier Danvy},
  title     = {Proceeding of the 16th ACM SIGPLAN international
                  conference on Functional Programming, ICFP 2011},
  booktitle = {ICFP},
  publisher = {ACM},
  year      = {2011},
  isbn      = {978-1-4503-0865-6},
  bibsource = {DBLP, http://dblp.uni-trier.de}
}

@proceedings{DBLP:conf/sp/2011,
  title     = {32nd IEEE Symposium on Security and Privacy, S{\&}P
                  2011},
  booktitle = {IEEE Symposium on Security and Privacy},
  publisher = {IEEE Computer Society},
  year      = {2011},
  isbn      = {978-1-4577-0147-4},
  ee        = {http://ieeexplore.ieee.org/xpl/mostRecentIssue.jsp?punumber=5955408},
  bibsource = {DBLP, http://dblp.uni-trier.de}
}

@proceedings{DBLP:conf/tlca/2011,
  editor    = {C.-H. Luke Ong},
  title     = {Typed Lambda Calculi and Applications - 10th
                  International Conference, TLCA 2011. Proceedings},
  booktitle = {TLCA},
  publisher = {Springer},
  series    = {LNCS},
  volume    = {6690},
  year      = {2011},
  isbn      = {978-3-642-21690-9},
  ee        = {http://dx.doi.org/10.1007/978-3-642-21691-6},
  bibsource = {DBLP, http://dblp.uni-trier.de}
}

@proceedings{POPL:11,
  editor    = {Thomas Ball and
               Mooly Sagiv},
  title     = {Proceedings of the 38th {ACM} {SIGPLAN-SIGACT}
                  Symposium on Principles of Programming Languages,
                  {POPL} 2011, Austin, TX, USA, January 26-28, 2011},
  publisher = {{ACM}},
  year      = {2011},
  isbn      = {978-1-4503-0490-0},
  timestamp = {Tue, 22 May 2012 15:24:56 +0200},
  bibsource = {dblp computer science bibliography, http://dblp.org}
}

@proceedings{CAV:12,
  editor    = {P. Madhusudan and Sanjit A. Seshia},
  title     = {Computer Aided Verification - 24th International
                  Conference, {CAV} 2012, Berkeley, CA, USA, July
                  7-13, 2012 Proceedings},
  series    = {Lecture Notes in Computer Science},
  volume    = {7358},
  publisher = {Springer},
  year      = {2012},
  doi       = {10.1007/978-3-642-31424-7},
  isbn      = {978-3-642-31423-0},
  timestamp = {Tue, 03 Jul 2012 08:38:09 +0200},
  bibsource = {dblp computer science bibliography, http://dblp.org}
}


@proceedings{CONCUR:12,
  editor    = {Maciej Koutny and Irek Ulidowski},
  title     = {{CONCUR} 2012 - Concurrency Theory - 23rd International
                  Conference, {CONCUR} 2012, Newcastle upon Tyne, UK,
                  September 4-7, 2012. Proceedings},
  series    = {Lecture Notes in Computer Science},
  volume    = {7454},
  publisher = {Springer},
  year      = {2012},
  url       = {http://dx.doi.org/10.1007/978-3-642-32940-1},
  doi       = {10.1007/978-3-642-32940-1},
  isbn      = {978-3-642-32939-5},
  timestamp = {Tue, 04 Sep 2012 09:08:23 +0200},
  biburl    = {http://dblp.dagstuhl.de/rec/bib/conf/concur/2012},
  bibsource = {dblp computer science bibliography, http://dblp.org}
}

@proceedings{POPL:13,
  editor    = {Roberto Giacobazzi and
               Radhia Cousot},
  title     = {The 40th Annual ACM SIGPLAN-SIGACT Symposium on Principles
               of Programming Languages, POPL '13, Rome, Italy - January
               23 - 25, 2013},
  booktitle = {POPL},
  publisher = {ACM},
  year      = {2013},
  isbn      = {978-1-4503-1832-7},
  ee        = {http://dl.acm.org/citation.cfm?id=2429069},
  bibsource = {DBLP, http://dblp.uni-trier.de}
}

@proceedings{DBLP:conf/fossacs/2013,
  editor    = {Frank Pfenning},
  title     = {Foundations of Software Science and Computation
                  Structures - 16th International Conference, FOSSACS
                  2013.  Proceedings},
  booktitle = {FOSSACS},
  publisher = {Springer},
  series    = {LNCS},
  volume    = {7794},
  year      = {2013},
  isbn      = {978-3-642-37074-8},
  ee        = {http://dx.doi.org/10.1007/978-3-642-37075-5},
  bibsource = {DBLP, http://dblp.uni-trier.de}
}

@proceedings{DISC:13,
  editor    = {Yehuda Afek},
  title     = {Distributed Computing - 27th International Symposium,
                  {DISC} 2013, Jerusalem, Israel, October 14-18,
                  2013. Proceedings},
  series    = {Lecture Notes in Computer Science},
  volume    = {8205},
  publisher = {Springer},
  year      = {2013},
  doi       = {10.1007/978-3-642-41527-2},
  isbn      = {978-3-642-41526-5},
  timestamp = {Mon, 28 Oct 2013 18:01:00 +0100},
  bibsource = {dblp computer science bibliography, http://dblp.org}
}

@proceedings{PLDI:13,
  editor    = {Hans{-}Juergen Boehm and Cormac Flanagan},
  title     = {{ACM} {SIGPLAN} Conference on Programming Language
                  Design and Implementation, {PLDI} '13, Seattle, WA,
                  USA, June 16-19, 2013},
  publisher = {{ACM}},
  year      = {2013},
  isbn      = {978-1-4503-2014-6},
  timestamp = {Sun, 09 Jun 2013 12:25:37 +0200},
  bibsource = {dblp computer science bibliography, http://dblp.org}
}

@proceedings{ICFP:13,
  editor    = {Greg Morrisett and
               Tarmo Uustalu},
  title     = {{ACM} {SIGPLAN} International Conference on Functional
                  Programming, ICFP'13},
  publisher = {{ACM}},
  year      = {2013},
  isbn      = {978-1-4503-2326-0},
  timestamp = {Thu, 19 Sep 2013 11:20:00 +0200},
}

@proceedings{PPOPP:13,
  editor    = {Alex Nicolau and
               Xiaowei Shen and
               Saman P. Amarasinghe and
               Richard W. Vuduc},
  title     = {{ACM} {SIGPLAN} Symposium on Principles and Practice of Parallel Programming,
               PPoPP '13, Shenzhen, China, February 23-27, 2013},
  publisher = {{ACM}},
  year      = {2013},
  isbn      = {978-1-4503-1922-5},
  timestamp = {Sun, 16 Mar 2014 14:20:37 +0100},
  bibsource = {dblp computer science bibliography, http://dblp.org}
}

@proceedings{CONCUR:13,
  editor    = {Pedro R. D'Argenio and Hern{\'{a}}n C. Melgratti},
  title     = {{CONCUR} 2013 - Concurrency Theory - 24th International
                  Conference, {CONCUR} 2013, Buenos Aires, Argentina,
                  August 27-30, 2013. Proceedings},
  series    = {Lecture Notes in Computer Science},
  volume    = {8052},
  publisher = {Springer},
  year      = {2013},
  doi       = {10.1007/978-3-642-40184-8},
  isbn      = {978-3-642-40183-1},
  timestamp = {Wed, 24 Jul 2013 15:43:08 +0200},
  bibsource = {dblp computer science bibliography, http://dblp.org}
}

@proceedings{ESOP:13,
  editor    = {Matthias Felleisen and
               Philippa Gardner},
  title     = {Programming Languages and Systems - 22nd European
                  Symposium on Programming, {ESOP} 2013, Held as Part
                  of the European Joint Conferences on Theory and
                  Practice of Software, {ETAPS} 2013, Rome, Italy,
                  March 16-24, 2013. Proceedings},
  series    = {Lecture Notes in Computer Science},
  volume    = {7792},
  publisher = {Springer},
  year      = {2013},
  doi       = {10.1007/978-3-642-37036-6},
  isbn      = {978-3-642-37035-9},
  timestamp = {Mon, 18 Feb 2013 14:59:57 +0100},
  bibsource = {dblp computer science bibliography, http://dblp.org}
}

@proceedings{ITP:13,
  editor    = {Sandrine Blazy and
               Christine Paulin{-}Mohring and
               David Pichardie},
  title     = {Interactive Theorem Proving - 4th International
                  Conference, {ITP} 2013. Proceedings},
  series    = {LNCS},
  volume    = {7998},
  publisher = {Springer},
  year      = {2013},
  doi       = {10.1007/978-3-642-39634-2},
  isbn      = {978-3-642-39633-5},
  timestamp = {Wed, 24 Jul 2013 20:44:45 +0200},
  bibsource = {dblp computer science bibliography, http://dblp.org}
}

@proceedings{FM:14,
  editor    = {Cliff B. Jones and Pekka Pihlajasaari and Jun Sun},
  title     = {{FM} 2014: Formal Methods - 19th International
                  Symposium. Proceedings},
  series    = {Lecture Notes in Computer Science},
  volume    = {8442},
  publisher = {Springer},
  year      = {2014},
  doi       = {10.1007/978-3-319-06410-9},
  isbn      = {978-3-319-06409-3},
  timestamp = {Wed, 14 May 2014 21:10:37 +0200},
}

@proceedings{ICALP:14,
  editor    = {Javier Esparza and
               Pierre Fraigniaud and
               Thore Husfeldt and
               Elias Koutsoupias},
  title     = {Automata, Languages, and Programming - 41st
                  International Colloquium, {ICALP} 2014, Proceedings,
                  Part {II}},
  series    = {LNCS},
  volume    = {8573},
  publisher = {Springer},
  year      = {2014},
  doi       = {10.1007/978-3-662-43951-7},
  isbn      = {978-3-662-43950-0},
  timestamp = {Fri, 13 Jun 2014 13:54:29 +0200},
  bibsource = {dblp computer science bibliography, http://dblp.org}
}

@proceedings{ESOP:14,
  editor    = {Zhong Shao},
  title     = {Programming Languages and Systems - 23rd European
                  Symposium on Programming, {ESOP} 2014, Proceedings},
  series    = {LNCS},
  volume    = {8410},
  publisher = {Springer},
  year      = {2014},
  doi       = {10.1007/978-3-642-54833-8},
  isbn      = {978-3-642-54832-1}
}


@proceedings{ECOOP:14,
  editor    = {Richard Jones},
  title     = {{ECOOP} 2014 - Object-Oriented Programming - 28th
                  European Conference. Proceedings},
  series    = {LNCS},
  volume    = {8586},
  publisher = {Springer},
  year      = {2014},
  doi       = {10.1007/978-3-662-44202-9},
  isbn      = {978-3-662-44201-2},
  timestamp = {Thu, 17 Jul 2014 15:50:44 +0200},
}

@proceedings{ITP:14,
  editor    = {Gerwin Klein and
               Ruben Gamboa},
  title     = {Interactive Theorem Proving - 5th International
                  Conference, {ITP} 2014. Proceedings},
  series    = {LNCS},
  volume    = {8558},
  publisher = {Springer},
  year      = {2014},
  doi       = {10.1007/978-3-319-08970-6},
  isbn      = {978-3-319-08969-0},
  timestamp = {Mon, 30 Jun 2014 12:25:01 +0200},
  biburl    = {http://dblp.uni-trier.de/rec/bib/conf/itp/2014},
  bibsource = {dblp computer science bibliography, http://dblp.org}
}

@proceedings{PODC:14,
  opteditor    = {Magn{\'{u}}s M. Halld{\'{o}}rsson and
               Shlomi Dolev},
  optbooktitle     = {Proceedings of the {ACM} Symposium on Principles
                  of Distributed Computing, ({PODC}'14)},
  booktitle   = {PODC},
  publisher = {{ACM}},
  year      = {2014},
}

@proceedings{PPDP:14,
  editor    = {Olaf Chitil and Andy King and Olivier Danvy},
  title     = {Proceedings of the 16th International Symposium on
                  Principles and Practice of Declarative Programming,
                  Kent, Canterbury, United Kingdom, September 8-10,
                  2014},
  publisher = {{ACM}},
  year      = {2014},
  isbn      = {978-1-4503-2947-7},
  timestamp = {Mon, 06 Jul 2015 10:28:57 +0200},
  biburl    = {http://dblp2.uni-trier.de/rec/bib/conf/ppdp/2014},
  bibsource = {dblp computer science bibliography, http://dblp.org}
}

@proceedings{POPL:15,
  editor    = {Sriram K. Rajamani and David Walker},
  title     = {Proceedings of the 42nd Annual {ACM} {SIGPLAN-SIGACT}
                  Symposium on Principles of Programming Languages,
                  {POPL} 2015, Mumbai, India, January 15-17, 2015},
  publisher = {{ACM}},
  year      = {2015},
  isbn      = {978-1-4503-3300-9},
  timestamp = {Sat, 20 Dec 2014 16:56:16 +0100},
  bibsource = {dblp computer science bibliography, http://dblp.org}
}

@proceedings{ESOP:15,
  editor    = {Jan Vitek},
  title     = {Programming Languages and Systems - 24th European Symposium on Programming,
               {ESOP} 2015, Held as Part of the European Joint Conferences on Theory
               and Practice of Software, {ETAPS} 2015, London, UK, April 11-18, 2015.
               Proceedings},
  series    = {LNCS},
  volume    = {9032},
  publisher = {Springer},
  year      = {2015},
  doi       = {10.1007/978-3-662-46669-8},
  isbn      = {978-3-662-46668-1},
  timestamp = {Tue, 07 Apr 2015 15:18:50 +0200},
}

@proceedings{DISC:15,
  editor    = {Yoram Moses},
  title     = {Distributed Computing - 29th International Symposium,
                  {DISC} 2015, Tokyo, Japan, October 7-9, 2015,
                  Proceedings},
  series    = {Lecture Notes in Computer Science},
  volume    = {9363},
  publisher = {Springer},
  year      = {2015},
  doi       = {10.1007/978-3-662-48653-5},
  isbn      = {978-3-662-48652-8},
  timestamp = {Mon, 05 Oct 2015 15:43:07 +0200},
  bibsource = {dblp computer science bibliography, http://dblp.org}
}

@proceedings{PLDI:15,
  editor    = {David Grove and
               Steve Blackburn},
  title     = {Proceedings of the 36th {ACM} {SIGPLAN} Conference on Programming
               Language Design and Implementation, Portland, OR, USA, June 15-17,
               2015},
  publisher = {{ACM}},
  year      = {2015},
  isbn      = {978-1-4503-3468-6},
  timestamp = {Fri, 05 Jun 2015 07:23:07 +0200}
}
	
@proceedings{ICFP:16,
  editor    = {Jacques Garrigue and
               Gabriele Keller and
               Eijiro Sumii},
  title     = {Proceedings of the 21st {ACM} {SIGPLAN} International
                  Conference on Functional Programming, {ICFP} 2016},
  publisher = {{ACM}},
  year      = {2016},
  doi       = {10.1145/2951913},
  isbn      = {978-1-4503-4219-3},
}

@proceedings{concur:16,
  editor    = {Jos{\'{e}}e Desharnais and
               Radha Jagadeesan},
  title     = {27th International Conference on Concurrency Theory,
                  {CONCUR} 2016, Proceeedings},
  series    = {LIPIcs},
  volume    = {59},
  publisher = {Schloss Dagstuhl - Leibniz-Zentrum fuer Informatik},
  year      = {2016},
  isbn      = {978-3-95977-017-0},
  timestamp = {Tue, 30 Aug 2016 15:28:27 +0200},
}
@proceedings{FM:16,
  editor    = {John S. Fitzgerald and Constance L. Heitmeyer and
                  Stefania Gnesi and Anna Philippou},
  title     = {{FM} 2016: Formal Methods - 21st International Symposium, Limassol,
               Cyprus, November 9-11, 2016, Proceedings},
  series    = {Lecture Notes in Computer Science},
  volume    = {9995},
  year      = {2016},
  doi       = {10.1007/978-3-319-48989-6},
  isbn      = {978-3-319-48988-9},
  timestamp = {Tue, 08 Nov 2016 20:29:21 +0100},
}

@proceedings{OOPSLA:16,
  editor    = {Eelco Visser and
               Yannis Smaragdakis},
  title     = {Proceedings of the 2016 {ACM} {SIGPLAN} International
                  Conference on Object-Oriented Programming, Systems,
                  Languages, and Applications, {OOPSLA} 2016},
  publisher = {{ACM}},
  year      = {2016},
  doi       = {10.1145/2983990},
  isbn      = {978-1-4503-4444-9},
  timestamp = {Tue, 25 Oct 2016 15:06:14 +0200},
  biburl    = {http://dblp.uni-trier.de/rec/bib/conf/oopsla/2016},
  bibsource = {dblp computer science bibliography, http://dblp.org}
}

@proceedings{POPL:17,
  editor    = {Giuseppe Castagna and
               Andrew D. Gordon},
  title     = {Proceedings of the 44th {ACM} {SIGPLAN} Symposium on
                  Principles of Programming Languages, {POPL} 2017},
  publisher = {{ACM}},
  year      = {2017},
  url       = {http://doi.acm.org/10.1145/3009837},
  doi       = {10.1145/3009837},
  isbn      = {978-1-4503-4660-3},
}

@proceedings{ESOP:17,
  editor    = {Hongseok Yang},
  title     = {Programming Languages and Systems - 26th European
                  Symposium on Programming, {ESOP} 2017, Proceedings},
  series    = {LNCS},
  volume    = {10201},
  publisher = {Springer},
  year      = {2017},
  url       = {http://dx.doi.org/10.1007/978-3-662-54434-1},
  doi       = {10.1007/978-3-662-54434-1},
  isbn      = {978-3-662-54433-4},
  timestamp = {Sun, 23 Apr 2017 09:51:48 +0200},
}
